@InProceedings{Cook1971,
  author = 	 {S. Cook},
  title = 	 {The complexity of theorem-proving procedures},
  booktitle =	 {Proceedings of the 3rd ACM Symposium on Theory of Computing},
  pages =	 {151--158},
  year =	 1971,
  address =	 {Shaker Heights, Ohio}
}


@Book{Garey1979,
  author =	 {M. R. Garey and D. S. Johnson},
  title = 	 {Computers and Intractability: A Guide to the Theory of
{\rm NP}-Completeness},
  publisher = 	 {W. H. Freeman},
  year = 	 1979,
  address =	 {San Francisco}
}

@InProceedings{Karp1972,
  author = 	 {R. Karp},
  title = 	 {Reducibility among combinatorial problems},
  booktitle =	 {Complexity of Computer Computations},
  pages =	 {85--103},
  publisher =	 {Plenum Press},
  year =	 1972,
  editor =	 {R. Miller and J. Thatcher},
  address =	 {New York}
}

@Book{Kearfott1996,
  author =	 {R. B. Kearfott and V. Kreinovich (eds.)},
  title = 	 {Applications of Interval Computations},
  publisher = 	 {Kluwer Academic Publishers},
  year = 	 1996,
  address =	 {Norwell, MA}
}

@Article{Kreinovich1993,
  author = 	 {V. Kreinovich and A. V. Lakeyev and S. I. Noskov},
  title = 	 {Optimal solution of interval linear systems is intractable ({NP}-hard)},
  journal = 	 {Interval Computations},
  year = 	 {1993},
  volume =	 {1},
  pages = 	 {6--14}
}


@InProceedings{Kreinovich1996a,
  author = 	 {V. Kreinovich and A. V. Lakeyev and J. Rohn},
  title = 	 {Computational complexity of interval algebraic problems:
                  some are feasible and some are computationally intractable: a survey},
  booktitle =	 {Scientific Computing and Validated Numberics},
  pages =	 {293--306},
  year =	 1996,
  editor =	 {G. Alefeld and A. Frommer},
  publisher =	 {Akademie-Verlag},
  address =	 {Berlin}
}

@Book{Kreinovich1996b,
  author =	 {V. Kreinovich and A. V. Lakeyev and J. Rohn and P. Kahl},
  title = 	 {Feasible? Intractable? On Computational Complexity of Data Processing},
  publisher = 	 {Kluwer Academic Publishers},
  year = 	 1996,
  address =	 {Norwell, MA},
  note =	 {(to appear)}
}

@Book{Kulisch1981,
  author =	 {U. Kulisch and W. L. Miranker},
  title = 	 {Computer Arithmetic in Theory and Practice},
  publisher = 	 {Academic Press},
  year = 	 1981,
  address =	 {NY}
}

@Article{Lakeyev1995,
  author = 	 {A. V. Lakeyev and V. Kreinovich},
  title = 	 {If input intervals are small enough, then interval computations
                  are almost always easy},
  journal = 	 {Reliable Computing,
                  {\rm Supplement (Extended Abstracts of APIC'95:
                   International Workshop on Applications of Interval
                   Computations)}},
  year = 	 1995,
  pages =	 {134--139}
}

@Article{Levin1973,
  author = 	 {L. Levin},
  title = 	 {Universal sequential search problems},
  journal = 	 {Problems of Information Transmission},
  year = 	 1973,
  volume =	 9,
  number =	 3,
  pages =	 {265--266}
}

@TechReport{Moore1959,
  author = 	 {R. E. Moore},
  title = 	 {Automatic error analysis in digital computation},
  institution =  {Lockheed Missiles and Space Co.},
  year = 	 1959,
  number =	 {LMSD-48421},
  address =	 {Palo Alto, CA},
  month =	 {January}
}

@Book{Moore1966,
  author =	 {R. E. Moore},
  title = 	 {Interval Analysis},
  publisher = 	 {Prentice Hall},
  year = 	 1966,
  address =	 {Englewood Cliffs, NJ}
}

@Book{Neumaier1990,
  author =	 {A. Neumaier},
  title = 	 {Interval Methods for Systems of Equations},
  publisher = 	 {Cambridge University Press},
  year = 	 1990,
  address =	 {Cambridge}
}

@Book{Rabinovich1995,
  author =	 {S. G. Rabinovich},
  title = 	 {Measurement Errors: Theory and Practice},
  publisher = 	 {American Institute of Physics},
  year = 	 1995,
  address =	 {NY}
}

