
@inproceedings{GeneralizedAttack,
 author = {M. Girault and M. Campana},
 title = {A generalized birthday attack},
 booktitle = {Lecture Notes in Computer Science on Advances in Cryptology-EUROCRYPT'88},
 year = {1988},
 isbn = {0-387-50251-3},
 pages = {129--156},
 location = {Davos, Switzerland},
 publisher = {Springer-Verlag New York, Inc.},
 address = {New York, NY, USA},
 }

@book{1996-menezes
,note={URL: {\tt http://cacr.math.uwaterloo.ca/hac}}
,title={{Handbook of applied cryptography}}
,booktitle={{Handbook of applied cryptography}}
,author={Alfred J. Menezes and Paul C. van Oorschot and Scott A. Vanstone}
,ISBN={0--8493--8523--7}
,MR={99g:94015}
,publisher={CRC Press}
,address={Boca Raton, Florida}
,year={1996}
}


@Article{Golic:1997:CAA,
  author =       "Jovan Dj. Golic",
  title =        "Cryptanalysis of Alleged {A5} Stream Cipher",
  journal =      j-LECT-NOTES-COMP-SCI,
  volume =       "1233",
  pages =        "239--??",
  year =         "1997",
  CODEN =        "LNCSD9",
  ISSN =         "0302-9743",
  bibdate =      "Mon Feb 4 12:02:26 MST 2002",
  bibsource =    "http://link.springer-ny.com/link/service/series/0558/tocs/t1233.htm",
  URL =          "http://link.springer-ny.com/link/service/series/0558/bibs/1233/12330239.htm;
                 http://link.springer-ny.com/link/service/series/0558/papers/1233/12330239.pdf",
  acknowledgement = ack-nhfb,
}




@InProceedings{Cook1971,
  author = 	 {S. Cook},
  title = 	 {The complexity of theorem-proving procedures},
  booktitle =	 {Proceedings of the 3rd ACM Symposium on Theory of Computing},
  pages =	 {151--158},
  year =	 1971,
  address =	 {Shaker Heights, Ohio}
}


@Book{Garey1979,
  author =	 {M. R. Garey and D. S. Johnson},
  title = 	 {Computers and Intractability: A Guide to the Theory of
{\rm NP}-Completeness},
  publisher = 	 {W. H. Freeman},
  year = 	 1979,
  address =	 {San Francisco}
}

@InProceedings{Karp1972,
  author = 	 {R. Karp},
  title = 	 {Reducibility among combinatorial problems},
  booktitle =	 {Complexity of Computer Computations},
  pages =	 {85--103},
  publisher =	 {Plenum Press},
  year =	 1972,
  editor =	 {R. Miller and J. Thatcher},
  address =	 {New York}
}

@Book{Kearfott1996,
  author =	 {R. B. Kearfott and V. Kreinovich (eds.)},
  title = 	 {Applications of Interval Computations},
  publisher = 	 {Kluwer Academic Publishers},
  year = 	 1996,
  address =	 {Norwell, MA}
}

@Article{Kreinovich1993,
  author = 	 {V. Kreinovich and A. V. Lakeyev and S. I. Noskov},
  title = 	 {Optimal solution of interval linear systems is intractable ({NP}-hard)},
  journal = 	 {Interval Computations},
  year = 	 {1993},
  volume =	 {1},
  pages = 	 {6--14}
}


@InProceedings{Kreinovich1996a,
  author = 	 {V. Kreinovich and A. V. Lakeyev and J. Rohn},
  title = 	 {Computational complexity of interval algebraic problems:
                  some are feasible and some are computationally intractable: a survey},
  booktitle =	 {Scientific Computing and Validated Numberics},
  pages =	 {293--306},
  year =	 1996,
  editor =	 {G. Alefeld and A. Frommer},
  publisher =	 {Akademie-Verlag},
  address =	 {Berlin}
}

@Book{Kreinovich1996b,
  author =	 {V. Kreinovich and A. V. Lakeyev and J. Rohn and P. Kahl},
  title = 	 {Feasible? Intractable? On Computational Complexity of Data Processing},
  publisher = 	 {Kluwer Academic Publishers},
  year = 	 1996,
  address =	 {Norwell, MA},
  note =	 {(to appear)}
}

@Book{Kulisch1981,
  author =	 {U. Kulisch and W. L. Miranker},
  title = 	 {Computer Arithmetic in Theory and Practice},
  publisher = 	 {Academic Press},
  year = 	 1981,
  address =	 {NY}
}

@Article{Lakeyev1995,
  author = 	 {A. V. Lakeyev and V. Kreinovich},
  title = 	 {If input intervals are small enough, then interval computations
                  are almost always easy},
  journal = 	 {Reliable Computing,
                  {\rm Supplement (Extended Abstracts of APIC'95:
                   International Workshop on Applications of Interval
                   Computations)}},
  year = 	 1995,
  pages =	 {134--139}
}

@Article{Levin1973,
  author = 	 {L. Levin},
  title = 	 {Universal sequential search problems},
  journal = 	 {Problems of Information Transmission},
  year = 	 1973,
  volume =	 9,
  number =	 3,
  pages =	 {265--266}
}

@TechReport{Moore1959,
  author = 	 {R. E. Moore},
  title = 	 {Automatic error analysis in digital computation},
  institution =  {Lockheed Missiles and Space Co.},
  year = 	 1959,
  number =	 {LMSD-48421},
  address =	 {Palo Alto, CA},
  month =	 {January}
}

@Book{Moore1966,
  author =	 {R. E. Moore},
  title = 	 {Interval Analysis},
  publisher = 	 {Prentice Hall},
  year = 	 1966,
  address =	 {Englewood Cliffs, NJ}
}

@Book{Neumaier1990,
  author =	 {A. Neumaier},
  title = 	 {Interval Methods for Systems of Equations},
  publisher = 	 {Cambridge University Press},
  year = 	 1990,
  address =	 {Cambridge}
}

@Book{Rabinovich1995,
  author =	 {S. G. Rabinovich},
  title = 	 {Measurement Errors: Theory and Practice},
  publisher = 	 {American Institute of Physics},
  year = 	 1995,
  address =	 {NY}
}
